% Encoding: UTF-8

@Article{Akyildiz2005,
  author        = {Akyildiz, Ian F and Pompili, Dario and Melodia, Tommaso},
  title         = {Underwater acoustic sensor networks: research challenges},
  journal       = {Ad hoc networks},
  year          = {2005},
  volume        = {3},
  number        = {5},
  pages         = {257--279},
  __markedentry = {[jmrplens:]},
  publisher     = {Elsevier},
}

@Book{Shaw1996,
  title         = {Software architecture: perspectives on an emerging discipline},
  publisher     = {Prentice Hall Englewood Cliffs},
  year          = {1996},
  author        = {Shaw, Mary and Garlan, David},
  volume        = {1},
  __markedentry = {[jmrplens:6]},
}

@misc{BOE_IM_UA,
	Author = {BOE},
	Howpublished = {BOE, 22 marzo de 2012},
	Month = {marzo},
	Title = {Resolución de 7 de marzo de 2012, de la Universidad de Alicante, por la que se publica el plan de estudios de Graduado en Ingeniería Multimedia.},
	Url = {http://www.boe.es/boe/dias/2012/03/22/pdfs/BOE-A-2012-4008.pdf},
	Year = {2012}
}

@misc{UNE50136:97,
	Author = {AENOR},
	Date-Added = {2014-11-04 19:52:15 +0000},
	Date-Modified = {2014-11-04 19:53:44 +0000},
	Keywords = {norma une para tesis y trabajos similares},
	Title = {norma UNE 50136:1997.},
	Url = {http://docubib.uc3m.es/CURSOS/Documentos_cientificos/Normas%20y%20directrices/UNE_50136=ISO%207144.pdf},
	Year = {1997},
	Bdsk-Url-1 = {http://docubib.uc3m.es/CURSOS/Documentos_cientificos/Normas%20y%20directrices/UNE_50136=ISO%207144.pdf}
}

@Article{Barkan1995,
  author        = {Barkan, A and Merlino, Robert L and D’angelo, N},
  title         = {Laboratory observation of the dust-acoustic wave mode},
  journal       = {Physics of Plasmas},
  year          = {1995},
  volume        = {2},
  number        = {10},
  pages         = {3563--3565},
  __markedentry = {[jmrplens:]},
  publisher     = {AIP},
}

@Book{Leighton2012,
  title         = {The acoustic bubble},
  publisher     = {Academic press},
  year          = {2012},
  author        = {Leighton, Timothy},
  __markedentry = {[jmrplens:]},
}

@Comment{jabref-meta: databaseType:biblatex;}
